<record><leader>00000cas a22000007a 4500</leader><controlfield tag="001">11576078</controlfield><controlfield tag="008">850114d18721872caudn ne      0    0eng d</controlfield><datafield ind1=" " ind2=" " tag="010"><subfield code="a">sn 85025102 </subfield></datafield><datafield ind1=" " ind2=" " tag="040"><subfield code="a">NPX</subfield><subfield code="b">eng</subfield><subfield code="c">NPX</subfield><subfield code="d">CNK</subfield><subfield code="d">OCLCQ</subfield><subfield code="d">OCLCF</subfield><subfield code="d">OCLCO</subfield></datafield><datafield ind1=" " ind2=" " tag="042"><subfield code="a">msc</subfield></datafield><datafield ind1=" " ind2=" " tag="043"><subfield code="a">n-us-ca</subfield></datafield><datafield ind1="0" ind2=" " tag="130"><subfield code="a">Daily morning bulletin (San Diego, Calif.)</subfield></datafield><datafield ind1="1" ind2="0" tag="245"><subfield code="a">Daily morning bulletin.</subfield></datafield><datafield ind1=" " ind2=" " tag="260"><subfield code="a">San Diego, Cal. :</subfield><subfield code="b">Office Pub. Association</subfield></datafield><datafield ind1=" " ind2=" " tag="300"><subfield code="a">v.</subfield></datafield><datafield ind1=" " ind2=" " tag="310"><subfield code="a">Daily (except Mon.)</subfield></datafield><datafield ind1="0" ind2=" " tag="362"><subfield code="a">Vol. 1, no. 18 (Mar. 5, 1872)-v. 1, no. 136 (July 23, 1872).</subfield></datafield><datafield ind1=" " ind2=" " tag="500"><subfield code="a">Publisher's name recorded in Dawson, M. Hist. and bibliography of Southern Calif. newspapers, 1851-1876.</subfield></datafield><datafield ind1=" " ind2=" " tag="500"><subfield code="a">"Republican."</subfield></datafield><datafield ind1=" " ind2="0" tag="651"><subfield code="a">San Diego (Calif.)</subfield><subfield code="v">Newspapers.</subfield></datafield><datafield ind1=" " ind2="7" tag="655"><subfield code="a">Newspapers.</subfield><subfield code="2">fast</subfield><subfield code="0">(OCoLC)fst01423814</subfield></datafield><datafield ind1=" " ind2="7" tag="651"><subfield code="a">California</subfield><subfield code="z">San Diego.</subfield><subfield code="2">fast</subfield><subfield code="0">(OCoLC)fst01205232</subfield></datafield><datafield ind1=" " ind2=" " tag="752"><subfield code="a">United States</subfield><subfield code="b">California</subfield><subfield code="c">San Diego</subfield><subfield code="d">San Diego.</subfield></datafield><datafield ind1="0" ind2=" " tag="775"><subfield code="t">San Diego weekly bulletin</subfield><subfield code="w">(DLC)sn 85025104</subfield></datafield><datafield ind1="0" ind2=" " tag="775"><subfield code="t">Weekly bulletin (San Diego, Calif.)</subfield><subfield code="w">(DLC)sn 95061686</subfield></datafield><datafield ind1="0" ind2="0" tag="780"><subfield code="t">San Diego bulletin (San Diego, Calif. : 1872)</subfield><subfield code="w">(DLC)sn 95061700</subfield></datafield><datafield ind1="0" ind2="0" tag="785"><subfield code="t">San Diego daily world</subfield><subfield code="w">(DLC)sn 95061701</subfield></datafield></record>